%example | Use \cite{name} in text
@misc{referename,
      howpublished = {\url{urlhere}},
      note = {Accessed May 9, 2013},
      title = {Tite},
      author = {Author}
